@article{nlpca,
  title={Poisson noise reduction with non-local PCA},
  author={Salmon, Joseph and Harmany, Zachary and Deledalle, Charles-Alban and Willett, Rebecca},
  journal={Journal of Mathematical Imaging and Vision},
  volume={48},
  number={2},
  pages={279--294},
  year={2014},
  publisher={Springer}
}
@article{crosschannel2016, 
author={S. Nam and Y. Hwang and Y. Matsushita and S. J. Kim}, 
journal={IEEE Conference on Computer Vision and Pattern Recognition (CVPR)}, 
title={A Holistic Approach to Cross-Channel Image Noise Modeling and its Application to Image Denoising}, 
year={2016}, 
pages={1683--1691}
}
@article{makitalo2013optimal,
  title={Optimal inversion of the generalized Anscombe transformation for Poisson-Gaussian noise},
  author={Makitalo, Markku and Foi, Alessandro},
  journal={IEEE Transactions on Image Processing},
  volume={22},
  number={1},
  pages={91--103},
  year={2013},
  publisher={IEEE}
}